@String{cgforum = "Computer Graphics Forum"}
@String{tog = "ACM TOG"}

@article{Aittala2016,
 author = {Aittala, Miika and Aila, Timo and Lehtinen, Jaakko},
 title = {Reflectance Modeling by Neural Texture Synthesis},
 journal = {ACM Trans. Graph.},
 issue_date = {July 2016},
 volume = {35},
 number = {4},
 year = {2016},
 pages = {65:1--65:13},
 articleno = {65},
}

@article{Deschaintre2018,
 author = {Deschaintre, Valentin and Aittala, Miika and Durand, Fredo and Drettakis, George and Bousseau, Adrien},
 title = {Single-image SVBRDF Capture with a Rendering-aware Deep Network},
 journal = {ACM Trans. Graph.},
 issue_date = {August 2018},
 volume = {37},
 number = {4},
 month = jul,
 year = {2018},
 pages = {128:1--128:15},
 articleno = {128},
}

@inproceedings{Li2018,
  author    = {Zhengqin Li and
               Kalyan Sunkavalli and
               Manmohan Chandraker},
  title     = {Materials for Masses: {SVBRDF} Acquisition with a Single Mobile Phone
               Image},
  booktitle = {Computer Vision - {ECCV} 2018 - 15th European Conference, Munich,
               Germany, September 8-14, 2018, Proceedings, Part {III}},
  series    = {Lecture Notes in Computer Science},
  volume    = {11207},
  pages     = {74--90},
  year      = {2018},
}

@ARTICLE{Neal2012,
       author = {{Neal}, Radford M.},
        title = "{MCMC using Hamiltonian dynamics}",
      journal = {arXiv e-prints},
         year = "2012",
        month = "Jun",
        pages = {arXiv:1206.1901},
}

@article{Gardner2003,
 author = {Gardner, Andrew and Tchou, Chris and Hawkins, Tim and Debevec, Paul},
 title = {Linear Light Source Reflectometry},
 journal = {ACM Trans. Graph.},
 issue_date = {July 2003},
 volume = {22},
 number = {3},
 month = jul,
 year = {2003},
 pages = {749--758},
 numpages = {10},
}

@inproceedings{Ghosh2009,
 author = {Ghosh, Abhijeet and Chen, Tongbo and Peers, Pieter and Wilson, Cyrus A. and Debevec, Paul},
 title = {Estimating Specular Roughness and Anisotropy from Second Order Spherical Gradient Illumination},
 booktitle = {Proceedings of the Twentieth Eurographics Conference on Rendering},
 series = {EGSR'09},
 year = {2009},
 location = {Girona, Spain},
 pages = {1161--1170},
 numpages = {10},
}

@inproceedings{Francken2009,
  author    = {Yannick Francken and
               Tom Cuypers and
               Tom Mertens and
               Philippe Bekaert},
  title     = {Gloss and Normal Map Acquisition of Mesostructures Using Gray Codes},
  booktitle = {Advances in Visual Computing},
  series    = {Lecture Notes in Computer Science},
  volume    = {5876},
  pages     = {788--798},
  year      = {2009},
}

@article{Khungurn2015,
 author = {Khungurn, Pramook and Schroeder, Daniel and Zhao, Shuang and Bala, Kavita and Marschner, Steve},
 title = {Matching Real Fabrics with Micro-Appearance Models},
 journal = {ACM Trans. Graph.},
 volume = {35},
 number = {1},
 year = {2015},
 pages = {1:1--1:26},
}

@inproceedings{Wang2011,
 author = {Wang, Chun-Po and Snavely, Noah and Marschner, Steve},
 title = {Estimating Dual-scale Properties of Glossy Surfaces from Step-edge Lighting},
 booktitle = {Proceedings of the 2011 SIGGRAPH Asia Conference},
 series = {SA '11},
 year = {2011},
 pages = {172:1--172:12},
 articleno = {172},
 numpages = {12},
}


@misc{Betancourt2017,
  author = {Betancourt, Michael},
  note = {arxiv:1701.02434},
  title = {A Conceptual Introduction to Hamiltonian Monte Carlo},
  url = {http://arxiv.org/abs/1701.02434},
  year = 2017
}

@article{Zhao2011,
 author = {Zhao, Shuang and Jakob, Wenzel and Marschner, Steve and Bala, Kavita},
 title = {Building Volumetric Appearance Models of Fabric Using Micro CT Imaging},
 journal = {ACM Trans. Graph.},
 issue_date = {July 2011},
 volume = {30},
 number = {4},
 month = jul,
 year = {2011},
 pages = {44:1--44:10},
 articleno = {44},
 numpages = {10},
}

@article{Aittala2013,
 author = {Aittala, Miika and Weyrich, Tim and Lehtinen, Jaakko},
 title = {Practical SVBRDF Capture in the Frequency Domain},
 journal = {ACM Trans. Graph.},
 volume = {32},
 number = {4},
 year = {2013},
 pages = {110:1--110:12},
}

@article{Aittala2015,
 author = {Aittala, Miika and Weyrich, Tim and Lehtinen, Jaakko},
 title = {Two-shot SVBRDF Capture for Stationary Materials},
 journal = {ACM Trans. Graph.},
 volume = {34},
 number = {4},
 year = {2015},
 pages = {110:1--110:13},
}

@article{Stan,
   author = {Bob Carpenter and Andrew Gelman and Matthew Hoffman and Daniel Lee and Ben Goodrich and Michael Betancourt and Marcus Brubaker and Jiqiang Guo and Peter Li and Allen Riddell},
   title = {Stan: A Probabilistic Programming Language},
   journal = {Journal of Statistical Software, Articles},
   volume = {76},
   number = {1},
   year = {2017},
   pages = {1--32},
}

@ARTICLE{Rump08,
     author = {Rump, Martin and M{\"u}ller, Gero and Sarlette, Ralf and Koch, Dirk and Klein, Reinhard},
      pages = {527--536},
      title = {Photo-realistic Rendering of Metallic Car Paint from Image-Based Measurements},
    journal = {Computer Graphics Forum},
     volume = {27},
     number = {2},
       year = {2008},
}

@article{Dong2015,
 author = {Dong, Zhao and Walter, Bruce and Marschner, Steve and Greenberg, Donald P.},
 title = {Predicting Appearance from Measured Microgeometry of Metal Surfaces},
 journal = {ACM Trans. Graph.},
 volume = {35},
 number = {1},
 year = {2015},
 pages = {9:1--9:13},
}

@article{Walter2007,
 author = {Walter, Bruce and Marschner, Stephen R. and Li, Hongsong and Torrance, Kenneth E.},
 title = {Microfacet Models for Refraction Through Rough Surfaces},
 journal = {EGSR 07},
 year = {2007},
 pages = {195--206},
}

@article{Walter:2009:SSR,
	author = {Walter, Bruce and Zhao, Shuang and Holzschuch, Nicolas and Bala, Kavita},
	title = {Single Scattering in Refractive Media with Triangle Mesh Boundaries},
	journal = {ACM Trans. Graph.},
	volume = {28},
	number = {3},
	year = {2009},
	pages = {92:1--92:8},
}

@article{Zhao:2014:HSR,
	author = {Zhao, Shuang and Ramamoorthi, Ravi and Bala, Kavita},
	title = {High-order Similarity Relations in Radiative Transfer},
	journal = {ACM Trans. Graph.},
	volume = {33},
	number = {4},
	year = {2014},
	pages = {104:1--104:12},
}

@article{Zhao2016,
 author = {Zhao, Shuang and Luan, Fujun and Bala, Kavita},
 title = {Fitting Procedural Yarn Models for Realistic Cloth Rendering},
 journal = {ACM Trans. Graph.},
 volume = {35},
 number = {4},
 year = {2016},
 pages = {51:1--51:11},
}

@article{Leaf2018,
 author = {Leaf, Jonathan and Wu, Rundong and Schweickart, Eston and James, Doug L. and Marschner, Steve},
 title = {Interactive Design of Periodic Yarn-level Cloth Patterns},
 journal = {ACM Trans. Graph.},
 volume = {37},
 number = {6},
 year = {2018},
 pages = {202:1--202:15},
}

@misc{Substance,
	Author = {Adobe},
	Year = {2019},
	Note = {\url{www.substance3d.com}},
	Title = {Substance}
}

@misc{Gatys2015,
    title={A Neural Algorithm of Artistic Style},
    author={Leon A. Gatys and Alexander S. Ecker and Matthias Bethge},
    year={2015},
    eprint={1508.06576},
    archivePrefix={arXiv},
    primaryClass={cs.CV}
}

@INPROCEEDINGS{Gatys2016,
  author={L. A. {Gatys} and A. S. {Ecker} and M. {Bethge}},
  booktitle={2016 IEEE Conference on Computer Vision and Pattern Recognition (CVPR)},
  title={Image Style Transfer Using Convolutional Neural Networks},
  year={2016},
  volume={},
  number={},
  pages={2414-2423},
  month={June},
}

@article{Hu2019,
 author = {Hu, Yiwei and Dorsey, Julie and Rushmeier, Holly},
 title = {A Novel Framework for Inverse Procedural Texture Modeling},
 journal = {ACM Trans. Graph.},
 volume = {38},
 number = {6},
 year = {2019},
 pages = {186:1--186:14},
}

@article{Gao2019,
 author = {Gao, Duan and Li, Xiao and Dong, Yue and Peers, Pieter and Xu, Kun and Tong, Xin},
 title = {Deep Inverse Rendering for High-resolution {SVBRDF} Estimation from an Arbitrary Number of Images},
 journal = {ACM Trans. Graph.},
 volume = {38},
 number = {4},
 year = {2019},
 pages = {134:1--134:15},
}

@InProceedings{VGG,
  author       = "Karen Simonyan and Andrew Zisserman",
  title        = "Very Deep Convolutional Networks for Large-Scale Image Recognition",
  booktitle    = "International Conference on Learning Representations",
  year         = "2015",
}

@article{Liu2016,
 author = {Liu, Albert Julius and Dong, Zhao and Ha\v{s}an, Milo\v{s} and Marschner, Steve},
 title = {Simulating the Structure and Texture of Solid Wood},
 journal = {ACM Trans. Graph.},
 volume = {35},
 number = {6},
  year = {2016},
 pages = {170:1--170:11},
}

@misc{Risser2017,
    title={Stable and Controllable Neural Texture Synthesis and Style Transfer Using Histogram Losses},
    author={Eric Risser and Pierre Wilmot and Connelly Barnes},
    year={2017},
    eprint={1701.08893},
    archivePrefix={arXiv},
    primaryClass={cs.GR}
}

@book{chandrasekhar1960radiative,
	title={Radiative Transfer},
	author={Chandrasekhar, Subrahmanyan},
	year={1960},
	publisher={Courier Corporation}
}

@INPROCEEDINGS{Picture,
author={T. D. {Kulkarni} and P. {Kohli} and J. B. {Tenenbaum} and V. {Mansinghka}},
booktitle={2015 IEEE Conference on Computer Vision and Pattern Recognition (CVPR)}, title={Picture: A probabilistic programming language for scene perception},
year={2015},
pages={4390-4399},
}

@inproceedings{MLT,
author = {Veach, Eric and Guibas, Leonidas J.},
title = {Metropolis Light Transport},
year = {1997},
booktitle = {Proceedings of the 24th Annual Conference on Computer Graphics and Interactive Techniques},
pages = {65–76},
series = {SIGGRAPH ’97}
}

@article{MALA,
author = "Roberts, Gareth O. and Tweedie, Richard L.",
fjournal = "Bernoulli",
journal = "Bernoulli",
month = "12",
number = "4",
pages = "341--363",
title = "Exponential convergence of Langevin distributions and their discrete approximations",
volume = "2",
year = "1996"
}

@article{Kelemen,
author = {Kelemen, Csaba and Szirmay-Kalos, László and Antal, György and Csonka, Ferenc},
title = {A Simple and Robust Mutation Strategy for the Metropolis Light Transport Algorithm},
journal = {Computer Graphics Forum},
volume = {21},
number = {3},
pages = {531-540},
year = {2002}
}

@misc{Santa,
    title={Bridging the Gap between Stochastic Gradient MCMC and Stochastic Optimization},
    author={Changyou Chen and David Carlson and Zhe Gan and Chunyuan Li and Lawrence Carin},
    year={2015},
    eprint={1512.07962},
    archivePrefix={arXiv},
    primaryClass={stat.ML}
}

@article{H2MC,
author = {Li, Tzu-Mao and Lehtinen, Jaakko and Ramamoorthi, Ravi and Jakob, Wenzel and Durand, Fr\'{e}do},
title = {Anisotropic Gaussian Mutations for Metropolis Light Transport through Hessian-Hamiltonian Dynamics},
year = {2015},
volume = {34},
number = {6},
journal = {ACM Trans. Graph.},
pages = {209:1--209:13},
}

@Article{Hastings,
  Title                    = {{Monte Carlo} sampling methods using {M}arkov chains and their applications},
  Author                   = {W. Keith Hastings},
  Journal                  = {Biometrika},
  Year                     = {1970},
  Number                   = {1},
  Pages                    = {97--109},
  Volume                   = {57}
}
